<record><leader>00000cas a22000007a 4500</leader><controlfield tag="001">12261301</controlfield><controlfield tag="008">850713d184818uuvauwr ne      0    0eng d</controlfield><datafield ind1=" " ind2=" " tag="010"><subfield code="a">sn 85026507 </subfield></datafield><datafield ind1=" " ind2=" " tag="040"><subfield code="a">NPX</subfield><subfield code="b">eng</subfield><subfield code="c">NPX</subfield><subfield code="d">NPU</subfield><subfield code="d">NPX</subfield><subfield code="d">DLC</subfield><subfield code="d">NLG</subfield><subfield code="d">CNK</subfield><subfield code="d">MGN</subfield><subfield code="d">NVK</subfield><subfield code="d">CNK</subfield><subfield code="d">NVK</subfield><subfield code="d">OCL</subfield><subfield code="d">NVF</subfield><subfield code="d">DLC</subfield><subfield code="d">OCLCQ</subfield><subfield code="d">OCLCF</subfield><subfield code="d">NVK</subfield></datafield><datafield ind1=" " ind2=" " tag="042"><subfield code="a">msc</subfield></datafield><datafield ind1=" " ind2=" " tag="043"><subfield code="a">n-us-va</subfield></datafield><datafield ind1="0" ind2="0" tag="050"><subfield code="a">Newspaper</subfield></datafield><datafield ind1="0" ind2=" " tag="130"><subfield code="a">Richmond weekly examiner (Richmond, Va. : 1848)</subfield></datafield><datafield ind1="1" ind2="0" tag="245"><subfield code="a">Richmond weekly examiner.</subfield></datafield><datafield ind1="3" ind2=" " tag="246"><subfield code="a">Richmond examiner</subfield></datafield><datafield ind1="1" ind2="3" tag="246"><subfield code="a">Weekly examiner</subfield></datafield><datafield ind1=" " ind2=" " tag="260"><subfield code="a">Richmond, Va. :</subfield><subfield code="b">De Witt &amp; Wright</subfield></datafield><datafield ind1=" " ind2=" " tag="300"><subfield code="a">v. :</subfield><subfield code="b">ill. ;</subfield><subfield code="c">66 cm.</subfield></datafield><datafield ind1=" " ind2=" " tag="310"><subfield code="a">Weekly</subfield></datafield><datafield ind1="1" ind2=" " tag="362"><subfield code="a">Began Feb. 3, 1848; ceased in 1866?</subfield></datafield><datafield ind1=" " ind2=" " tag="500"><subfield code="a">Sometimes published as: Richmond examiner: &lt;Oct. 15, 1852&gt;; Jan. 14-Feb. 25, &lt;Sept. 9&gt;, 1853; &lt;Feb. 2, Aug. 17, 1855&gt;; &lt;Oct. 16, 1857&gt;; &lt;July 30, 1858&gt;; &lt;Nov. 11, Dec. 30, 1859&gt;; &lt;Jan. 6, Feb. 10-June 15, 1860&gt;; &lt;Apr. 26-Aug. 2, 1861&gt;.</subfield></datafield><datafield ind1=" " ind2=" " tag="500"><subfield code="a">Publisher varies: De Witt &amp; Daniel, &lt;1850&gt; ; William Lloyd, &lt;1857&gt; ; William Lloyd and Co., &lt;1859&gt;, Daniel &amp; Lloyd, &lt;1861&gt;.</subfield></datafield><datafield ind1=" " ind2=" " tag="500"><subfield code="a">Issues on Virginia Chronicle were provided by the Huntington Library, San Marino, Ca.</subfield></datafield><datafield ind1=" " ind2=" " tag="530"><subfield code="a">Also available online.</subfield></datafield><datafield ind1=" " ind2=" " tag="580"><subfield code="a">Daily ed.: Richmond daily examiner (Richmond, Va. : 1859), 1859-1860, and: Daily Richmond examiner (Richmond, Va. : 1861), 1861-&lt;1866&gt;.</subfield></datafield><datafield ind1=" " ind2=" " tag="580"><subfield code="a">Semiweekly ed.: Richmond examiner (Richmond, Va. : Semiweekly), 1848-1849, and: Richmond semi-weekly examiner (Richmond, Va. : 1849), 1849-&lt;1866&gt;.</subfield></datafield><datafield ind1=" " ind2=" " tag="588"><subfield code="a">Description based on: Vol. 1, no. 26 (July 28, 1848).</subfield></datafield><datafield ind1=" " ind2=" " tag="588"><subfield code="a">Latest issue consulted: Vol. 1, no. 12 (Nov. 16, 1866).</subfield></datafield><datafield ind1=" " ind2="0" tag="651"><subfield code="a">Richmond (Va.)</subfield><subfield code="v">Newspapers.</subfield></datafield><datafield ind1=" " ind2="7" tag="651"><subfield code="a">Virginia</subfield><subfield code="z">Richmond.</subfield><subfield code="2">fast</subfield><subfield code="0">(OCoLC)fst01205345</subfield></datafield><datafield ind1=" " ind2="7" tag="655"><subfield code="a">Newspapers.</subfield><subfield code="2">fast</subfield><subfield code="0">(OCoLC)fst01423814</subfield></datafield><datafield ind1=" " ind2=" " tag="752"><subfield code="a">United States</subfield><subfield code="b">Virginia</subfield><subfield code="d">Richmond.</subfield></datafield><datafield ind1="1" ind2=" " tag="775"><subfield code="t">Richmond daily examiner (Richmond, Va. : 1859)</subfield><subfield code="w">(DLC)sn 86071840</subfield><subfield code="w">(OCoLC)14106758</subfield></datafield><datafield ind1="1" ind2=" " tag="775"><subfield code="t">Daily Richmond examiner (Richmond, Va. : 1861)</subfield><subfield code="w">(DLC)sn 83045177</subfield><subfield code="w">(OCoLC)9334677</subfield></datafield><datafield ind1="1" ind2=" " tag="775"><subfield code="t">Richmond examiner (Richmond, Va. : Semiweekly)</subfield><subfield code="w">(DLC)sn 85026482</subfield><subfield code="w">(OCoLC)12255838</subfield></datafield><datafield ind1="1" ind2=" " tag="775"><subfield code="t">Richmond semi-weekly examiner (Richmond, Va. : 1849)</subfield><subfield code="w">(DLC)sn 84024733</subfield><subfield code="w">(OCoLC)11063777</subfield></datafield><datafield ind1=" " ind2=" " tag="856"><subfield code="u">www.virginiachronicle.com</subfield></datafield><datafield ind1="1" ind2=" " tag="029"><subfield code="a">AU@</subfield><subfield code="b">000020382944</subfield></datafield></record>